<record><leader>00000cas a2200000 a 4500</leader><controlfield tag="001">12257610</controlfield><controlfield tag="008">850712d19081916ksudr ne      0    0eng d</controlfield><datafield ind1=" " ind2=" " tag="010"><subfield code="a">sn 85030694 </subfield></datafield><datafield ind1=" " ind2=" " tag="040"><subfield code="a">KSH</subfield><subfield code="b">eng</subfield><subfield code="c">KSH</subfield><subfield code="d">NPT</subfield><subfield code="d">OCL</subfield><subfield code="d">OCLCQ</subfield></datafield><datafield ind1=" " ind2=" " tag="042"><subfield code="a">msc</subfield></datafield><datafield ind1="0" ind2="4" tag="245"><subfield code="a">The Hutchinson daily gazette.</subfield></datafield><datafield ind1="3" ind2="0" tag="246"><subfield code="a">Hutchinson Sunday gazette</subfield></datafield><datafield ind1=" " ind2=" " tag="260"><subfield code="a">Hutchinson, Kan. :</subfield><subfield code="b">Hutchinson Pub. Co.,</subfield><subfield code="c">1908-1916.</subfield></datafield><datafield ind1=" " ind2=" " tag="300"><subfield code="a">8 v. :</subfield><subfield code="b">ill. ;</subfield><subfield code="c">58 cm.</subfield></datafield><datafield ind1=" " ind2=" " tag="310"><subfield code="a">Daily (except Monday),</subfield><subfield code="b">Nov. 15, 1910-Nov. 11, 1916</subfield></datafield><datafield ind1=" " ind2=" " tag="321"><subfield code="a">Daily (except Sunday),</subfield><subfield code="b">Dec. 8, 1908-Nov. 12, 1910</subfield></datafield><datafield ind1="0" ind2=" " tag="362"><subfield code="a">Vol. 7, no. 213 (Dec. 8, 1908)-v. 14, no. 138 (Nov. 11, 1916).</subfield></datafield><datafield ind1=" " ind2=" " tag="500"><subfield code="a">Sunday edition called: Hutchinson Sunday gazette, Mar. 8, 1914-Nov. 11, 1916.</subfield></datafield><datafield ind1=" " ind2=" " tag="500"><subfield code="a">Publisher varies.</subfield></datafield><datafield ind1=" " ind2=" " tag="580"><subfield code="a">Issued in semiweekly edition called: Semi-weekly gazette (Hutchinson, Kan.).</subfield></datafield><datafield ind1=" " ind2=" " tag="752"><subfield code="a">United States</subfield><subfield code="b">Kansas</subfield><subfield code="c">Reno</subfield><subfield code="d">Hutchinson.</subfield></datafield><datafield ind1="1" ind2=" " tag="775"><subfield code="t">Semi-weekly gazette (Hutchinson, Kan.)</subfield><subfield code="w">(DLC)sn 85030688</subfield></datafield><datafield ind1="0" ind2="0" tag="780"><subfield code="t">Hutchinson gazette (Hutchinson, Kan. : 1908)</subfield><subfield code="w">(DLC)sn 85030693</subfield></datafield><datafield ind1="0" ind2="0" tag="785"><subfield code="t">Hutchinson gazette (Hutchinson, Kan. : 1916)</subfield><subfield code="w">(DLC)sn 85030692</subfield></datafield></record>